@string{iclr = "International Conference on Learning Representations \CNFX{ICLR}"}
@string{naacl = "Conference of the North American Chapter of the Association for Computational Linguistics \CNFX{NAACL}"}
@string{emnlp = "Conference on Empirical Methods in Natural Language Processing \CNFX{EMNLP}"}
@string{acl = "Annual Meeting of the Association for Computational Linguistics \CNFX{ACL}"}
@string{nips = "Advances in Neural Information Processing Systems \CNFX{NeurIPS}"}
@preamble{"\providecommand{\CNFX}[1]{{\em{\textrm{(#1)}}}}" }

@inproceedings{sun2021revisiting,
    title = "Revisiting Simple Neural Probabilistic Language Models",
    author = "Sun, Simeng  and
      Iyyer, Mohit",
    booktitle = naacl,
    year = "2021",
    url = "https://aclanthology.org/2021.naacl-main.407",
}

@inproceedings{holtzman2019curious,
	title        = {The Curious Case of Neural Text Degeneration},
	author       = {Holtzman, Ari and Buys, Jan and Du, Li and Forbes, Maxwell and Choi, Yejin},
	year         = 2019,
	booktitle    = iclr,
	url          = {https://openreview.net/forum?id=rygGQyrFvH},
}

@article{bengio2003a,
	title        = {A neural probabilistic language model},
	author       = {Bengio, Yoshua and Ducharme, R{\'e}jean and Vincent, Pascal and Jauvin, Christian},
	year         = 2003,
	journal      = {Journal of machine learning research},
	volume       = 3,
	number       = {Feb},
	pages        = {1137--1155},
}

@article{Schuster2012JapaneseAK,
  title={Japanese and Korean voice search},
  author={Mike Schuster and Kaisuke Nakajima},
  journal={2012 IEEE International Conference on Acoustics, Speech and Signal Processing (ICASSP)},
  year={2012},
  pages={5149-5152},
  url={https://api.semanticscholar.org/CorpusID:22320655}
}

@inproceedings{kudo2018subword,
    author = "Kudo, Taku",
    title = "Subword Regularization: Improving Neural Network Translation Models with Multiple Subword Candidates",
    booktitle = acl,
    year = "2018"
}

@inproceedings{kudorichardson2018sentencepiece,
    author = "Kudo, Taku and Richardson, John",
    title = "{S}entence{P}iece: A simple and language independent subword tokenizer and detokenizer for Neural Text Processing",
    booktitle = emnlp,
    year = "2018"
}
@article{kingma2015adam,
	title        = {Adam: A Method for Stochastic Optimization},
	author       = {Diederik P. Kingma and Jimmy Ba},
	year         = 2015,
	journal      = {CoRR},
	volume       = {abs/1412.6980},
}
