@inproceedings{Firth1957ASO,
  title={A Synopsis of Linguistic Theory, 1930-1955},
  author={J. R. Firth},
  year={1957},
  url={https://api.semanticscholar.org/CorpusID:208093066}
}

@inproceedings{Mikolov2013DistributedRO,
  title={Distributed Representations of Words and Phrases and their Compositionality},
  author={Tomas Mikolov and Ilya Sutskever and Kai Chen and Gregory S. Corrado and Jeffrey Dean},
  booktitle={Neural Information Processing Systems},
  year={2013},
  url={https://api.semanticscholar.org/CorpusID:16447573}
}
@inproceedings{pennington2014glove,
	title        = {Glove: Global vectors for word representation},
	author       = {Pennington, Jeffrey and Socher, Richard and Manning, Christopher},
	year         = 2014,
	booktitle    = emnlp,
	pages        = {1532--1543},
	url          = {https://nlp.stanford.edu/pubs/glove.pdf},
}