@inproceedings{Firth1957ASO,
  title={A Synopsis of Linguistic Theory, 1930-1955},
  author={J. R. Firth},
  year={1957},
  url={https://api.semanticscholar.org/CorpusID:208093066}
}

@inproceedings{Mikolov2013DistributedRO,
  title={Distributed Representations of Words and Phrases and their Compositionality},
  author={Tomas Mikolov and Ilya Sutskever and Kai Chen and Gregory S. Corrado and Jeffrey Dean},
  booktitle={Neural Information Processing Systems},
  year={2013},
  url={https://api.semanticscholar.org/CorpusID:16447573}
}
@inproceedings{pennington2014glove,
	title        = {Glove: Global vectors for word representation},
	author       = {Pennington, Jeffrey and Socher, Richard and Manning, Christopher},
	year         = 2014,
	booktitle    = emnlp,
	pages        = {1532--1543},
	url          = {https://nlp.stanford.edu/pubs/glove.pdf},
}

@inproceedings{meisteretal2020beam,
    title = "If beam search is the answer, what was the question?",
    author = "Meister, Clara  and
      Cotterell, Ryan  and
      Vieira, Tim",
    booktitle = emnlp,
    year = "2020",
    url = "https://aclanthology.org/2020.emnlp-main.170",
}

@inproceedings{holtzman2019curious,
	title        = {The Curious Case of Neural Text Degeneration},
	author       = {Holtzman, Ari and Buys, Jan and Du, Li and Forbes, Maxwell and Choi, Yejin},
	year         = 2019,
	booktitle    = iclr,
	url          = {https://openreview.net/forum?id=rygGQyrFvH},
}