@string{iclr = "International Conference on Learning Representations \CNFX{ICLR}"}
@string{naacl = "Conference of the North American Chapter of the Association for Computational Linguistics \CNFX{NAACL}"}
@preamble{"\providecommand{\CNFX}[1]{{\em{\textrm{(#1)}}}}" }

@inproceedings{sun2021revisiting,
    title = "Revisiting Simple Neural Probabilistic Language Models",
    author = "Sun, Simeng  and
      Iyyer, Mohit",
    booktitle = naacl,
    year = "2021",
    url = "https://aclanthology.org/2021.naacl-main.407",
}

@inproceedings{holtzman2019curious,
	title        = {The Curious Case of Neural Text Degeneration},
	author       = {Holtzman, Ari and Buys, Jan and Du, Li and Forbes, Maxwell and Choi, Yejin},
	year         = 2019,
	booktitle    = iclr,
	url          = {https://openreview.net/forum?id=rygGQyrFvH},
}

@article{bengio2003a,
	title        = {A neural probabilistic language model},
	author       = {Bengio, Yoshua and Ducharme, R{\'e}jean and Vincent, Pascal and Jauvin, Christian},
	year         = 2003,
	journal      = {Journal of machine learning research},
	volume       = 3,
	number       = {Feb},
	pages        = {1137--1155},
}